@article{nedelec80,
  doi = {10.1007/bf01396415},
  year  = {1980},
  month = {9},
  publisher = {Springer Nature},
  volume = {35},
  number = {3},
  pages = {315--341},
  author = {N\'ed\'elec, Jean-Claude},
  title = {Mixed finite elements in \texorpdfstring{{$\mathbb{R}^3$}}{R3}},
  journal = {Numerische Mathematik}
}

@article{lee91,
  year  = {1991},
  publisher = {Institute of Electrical and Electronics Engineers ({IEEE})},
  volume = {39},
  number = {8},
  pages = {1262--1271},
  author = {J.-F. Lee and D.-K. Sun and Z.J. Cendes},
  title = {Full-wave analysis of dielectric waveguides using tangential vector finite elements},
  journal = {{IEEE} Transactions on Microwave Theory and Techniques}
}

@article{peterson94,
  doi = {10.1109/8.280722},
  year  = {1994},
  month = {mar},
  publisher = {Institute of Electrical {\&} Electronics Engineers ({IEEE})},
  volume = {42},
  number = {3},
  pages = {357--365},
  author = {A.F. Peterson},
  title = {Vector finite element formulation for scattering from two-dimensional heterogeneous bodies},
  journal = {{IEEE} Trans. Antennas Propagat.}
}

@article{berenger94,
  doi = {10.1006/jcph.1994.1159},
  year  = {1994},
  month = {10},
  publisher = {Elsevier {BV}},
  volume = {114},
  number = {2},
  pages = {185--200},
  author = {Jean-Pierre Berenger},
  title = {A perfectly matched layer for the absorption of electromagnetic waves},
  journal = {Journal of Computational Physics}
}

@article{neopz97,
author = {Devloo, Philippe},
year = {1997},
month = {12},
pages = {},
title = {PZ: An object oriented environment for scientific programming},
volume = {150},
booktitle = {Computer Methods in Applied Mechanics and Engineering}
}

@article{mur1998,
  doi = {10.1109/20.717761},
    year  = {1998},
  publisher = {Institute of Electrical and Electronics Engineers ({IEEE})},
  volume = {34},
  number = {5},
  pages = {3244--3247},
  author = {G. Mur},
  title = {The fallacy of edge elements},
  journal = {{IEEE} Transactions on Magnetics}
}

@article{wheeler00,
  title={A distributed computing portal for coupling multi-physics and multiple domains in porous media},
  author={Wheeler, Mary F and Wheeler, John A and Peszynska, Ma{\l}gorzata},
  journal={Computational Methods in Water Resources},
  volume={12},
  pages={167--174},
  year={2000},
  publisher={AA Balkema}
}

@article{koshiba00,
  doi = {10.1109/50.842091},
    year  = {2000},
  month = {5},
  publisher = {Institute of Electrical and Electronics Engineers ({IEEE})},
  volume = {18},
  number = {5},
  pages = {737--743},
  author = {M. Koshiba and Y. Tsuji},
  title = {Curvilinear hybrid edge/nodal elements with triangular shape for guided-wave problems},
  journal = {Journal of Lightwave Technology}
}

@article{chiang02,
  doi = {10.1109/jlt.2002.800292},
  year  = {2002},
  month = {aug},
  publisher = {Institute of Electrical {\&} Electronics Engineers ({IEEE})},
  volume = {20},
  number = {8},
  pages = {1609--1618},
  author = {{Yen-Chung} Chiang and  {Yih-Peng} Chiou and  {Hung-Chun} Chang},
  title = {Improved full-vectorial finite-difference mode solver for optical waveguides with step-index profiles},
  journal = {J. Lightwave Technol.}
}

@article{demkowicz03,
 ISSN = {00255718, 10886842},
 URL = {http://www.jstor.org/stable/4099985},
 abstract = {New variational formulation to compute propagation constants is proposed. Based on it, vector finite element method is proved to exclude spurious modes provided finite elements possess discrete compactness property. Convergence analysis is conducted in the framework of collectively compact operators. Reported theoretical results apply to a wide class of vector finite elements including two families of Nedelec and their generalization, the hp-edge elements. Numerical experiments fully support theoretical estimates for convergence rates.},
 author = {L. Vardapetyan and L. Demkowicz},
 journal = {Mathematics of Computation},
 number = {241},
 pages = {105--129},
 publisher = {American Mathematical Society},
 title = {Full-Wave Analysis of Dielectric Waveguides at a Given Frequency},
 volume = {72},
 year = {2003}
}

@book{monkbook03,
  Author = {Peter Monk},
  Title = {Finite Element Methods for Maxwell's Equations (Numerical Analysis and Scientific Computation Series)},
  Publisher = {Clarendon Press},
  Year = {2003},
  ISBN = {0198508883}
}
@article{schneebeli03,
author = {Anna Schneebeli},
title = {An \texorpdfstring{{$H(curl,\Omega)$}}{H(curl, Omega)}-conforming {FEM}: {N\'ed\'elec's} elements of first type},
institution = {Deal.II},
year = {2003}
}

@article{slepc05,
   author  = "Vicente Hernandez and Jose E. Roman and Vicente Vidal",
   title   = "{SLEPc}: A scalable and flexible toolkit for the solution of eigenvalue problems",
   journal = "{ACM} Trans. Math. Software",
   volume  = "31",
   number  = "3",
   pages   = "351--362",
   year    = "2005"
}

@article{bangerth06,
author="Bangerth, W. and Klie, H. and Wheeler, M. F. and Stoffa, P. L. and Sen, M. K.",
title="On optimization algorithms for the reservoir oil well placement problem",
journal="Computational Geosciences",
year="2006",
month="Sep",
day="01",
volume="10",
number="3",
pages="303--319",
issn="1573-1499",
doi="10.1007/s10596-006-9025-7"
}

@article{chiang08,
  doi = {10.1109/jqe.2007.910454},
  url = {https://doi.org/10.1109/jqe.2007.910454},
  year  = {2008},
  month = {jan},
  publisher = {Institute of Electrical and Electronics Engineers ({IEEE})},
  volume = {44},
  number = {1},
  pages = {56--66},
  author = {Po-Jui Chiang and Chin-Lung Wu and Chun-Hao Teng and Chu-Sheng Yang and Hung-chun Chang},
  title = {Full-Vectorial Optical Waveguide Mode Solvers Using Multidomain Pseudospectral Frequency-Domain ({PSFD}) Formulations},
  journal = {{IEEE} Journal of Quantum Electronics}
}

@thesis{wieder08,
  title = {Controle e Interação de Fônons e Fótons em Fibras Ópticas de Cristal Fotônico},
  author = {Gustavo Silva Wiederhecker},
  type = {Tese (Doutorado em Física)},
  institution = {Universidade Estadual de Campinas},
  location    = {Campinas},
  eventyear   = {2008},
  year   = {2008}
}
@article{devloo2009,
  doi = {10.1016/j.cma.2008.12.022},
  year  = {2009},
  month = {5},
  publisher = {Elsevier {BV}},
  volume = {198},
  number = {21-26},
  pages = {1716--1725},
  author = {Philippe Remy Bernard Devloo and Cedric Marcelo Augusto Ayala Bravo and Edimar Cesar Rylo},
  title = {Systematic and generic construction of shape functions for p-adaptive meshes of multidimensional finite elements},
  journal = {Computer Methods in Applied Mechanics and Engineering}
}

@article{rognes2010,
  doi = {10.1137/08073901x},
  year  = {2010},
  month = {1},
  publisher = {Society for Industrial {\&} Applied Mathematics ({SIAM})},
  volume = {31},
  number = {6},
  pages = {4130--4151},
  author = {Marie E. Rognes and Robert C. Kirby and Anders Logg},
  title = {Efficient Assembly of \texorpdfstring{$H(div)$}{H(div)} and \texorpdfstring{$H(curl)$}{H(curl)} Conforming Finite Elements},
  journal = {{SIAM} Journal on Scientific Computing}
}

@article{moraes2010,
doi = {10.1364/OE.18.019522},
author = {Mores, J A and Malheiros-Silveira, G N and Fragnito, H L and Hern{\'{a}}ndez-Figueroa, H E},
issn = {1094-4087},
journal = {Optics express},
keywords = {Computer Simulation,Computer-Aided Design,Equipment Design,Equipment Failure Analysis,Light,Models,Optical Devices,Radiation,Refractometry,Refractometry: instrumentation,Scattering,Theoretical},
number = {19},
pages = {19522--31},
pmid = {20940848},
title = {{Efficient calculation of higher-order optical waveguide dispersion.}},
volume = {18},
year = {2010}
}

@article{chiang11,
author = {Po-{J}ui Chiang and Hung-{C}hun Chang},
journal = {Opt. Express},
keywords = {Numerical approximation and analysis; Waveguides; Computational electromagnetic methods ; Microstructured fibers},
number = {2},
pages = {1594--1608},
publisher = {OSA},
title = {A high-accuracy pseudospectral full-vectorial leaky optical waveguide mode solver with carefully implemented UPML absorbing boundary conditions},
volume = {19},
month = {Jan},
year = {2011},
doi = {10.1364/OE.19.001594}
}

@book{jin14,
  author = {Jian-Ming Jin},
  title = {The Finite Element Method in Electromagnetics},
  publisher = {Wiley-IEEE Press},
  year = {2014},
  isbn = {1118571363}
}

@article{diazcalle15,
title = {Implementation of continuous hp-adaptive finite element spaces without limitations on hanging sides and distribution of approximation orders},
journal = {Computers {\&} Mathematics with Applications},
volume = {70},
number = {5},
pages = {1051 - 1069},
year = {2015},
issn = {0898-1221},
doi = {https://doi.org/10.1016/j.camwa.2015.06.033},
author = {Jorge L. Diaz Calle and Philippe R.B. Devloo and Sônia M. Gomes},
keywords = {-conforming finite elements, -adaptivity, Object oriented programming}
}